@book{example,
    author    = "",
    title     = "",
    publisher = "",
    volume    = "",
    number    = "",
    series    = "",
    address   = "",
    edition   = "",
    year      = "XXXX",
    month     = "",
    note      = ""
}

@book{Oliveira2004,
    author    = {Celina Couto de Oliveira and José Wilson Costa and Mercia Moreira},
    title     = {Ambientes informatizados de aprendizagem: produção e avaliação de software educativo},
    address   = {São Paulo - SP},
    year      = {2004},
    note      = {ISBN 85-3080-634-4},
    pages     = {144},
}

@book{Valentini2005,
    author    = {Carla Beatriz Valentini and Eliana Maria Sacramento Soares},
    title     = {Aprendizagem em Ambientes Virtuais: compartilhando idéias e construindo cenários},
    publisher = {EDUCS},
    address   = {Caxias do Sul - RS},
    year      = {2005},
    note      = {ISBN 978-85-7061-600-5},
    pages     = {209}
}

@article{Dorneles2004,
	author  = {Ricardo Vargas Dorneles and Delcino Picinin Junior and André Gustavo Adami},
	journal = {ADVANCED LEARNING TECHNOLOGIES (ICALT)},
	title   = {AlgoWeb: A Web-Based Environment for Learning Introductory Programming},
	volume  = {10},
	year    = {2010},
	address = {Sousse},
	pages   = {83-85},
}

@book{Sommerville2011,
    author    = {Ian Sommerville},
    title     = {Engenharia de Software},
    publisher = {PERSON},
    address   = {São Paulo - SP},
    year      = {2011},
    note      = {ISBN 978-85-7936-108-1},
    pages     = {529}
}

@book{Rezende2005,
    author    = {Dennis Alcides Rezende},
    title     = {Engenharia de Software e Sistemas de Informação},
    publisher = {BRASPORT},
    address   = {Rio de Janeiro - RJ},
    year      = {2005},
    note      = {ISBN 85-7452-215-5},
    pages     = {316}
}

@book{Pressman2011,
	author    = {Roger S. Pressman},
	title     = {Engenharia de Software, Uma Abordagem Profissional},
	publisher = {AMGH Editora Ltda},
	address   = {São Paulo - SP},
	edition   = {7},
	year      = {2011},
	note      = {ISBN 978-85-63308-7},
	pages     = {780}
}

@online{NPAPI2015,
    author    = {Google},
    title     = {Conteúdo baseado em plug-in não funciona no Google Chrome},
    publisher = {Google Support},
    year      = {2015},
    note      = {$<$Disponível em: \url{https://support.google.com/chrome/answer/6213033?hl=pt-BR}$>$. Acesso em: 2 de Novembro de 2015}
}

@online{Python2015,
    author    = {Python},
    title     = {Python},
    publisher = {Python Software Foundation},
    year      = {2015},
    note      = {$<$Disponível em: \url{https://www.python.org/}$>$. Acesso em: 2 de Novembro de 2015}
}

@online{Django2015,
    author    = {Django},
    title     = {Django},
    publisher = {Django Software Foundation},
    year      = {2015},
    note      = {$<$Disponível em: \url{https://www.djangoproject.com/}$>$. Acesso em: 2 de Novembro de 2015}
}

@book{Larman2007,
	author    = {Craig Larman},
	title     = {Utilizando UML e Padrões. Uma introdução à analise e ao projeto orientados a objetos e ao desenvolvimento iterativo},
	publisher = {Bookman},
	address   = {Porto Alegre - RS},
	edition   = {3},
	year      = {2007},
	note      = {ISBN 978-85-60031-52-8},
	pages     = {696}
}

@book{Angular2014,
	author    = {Rodrigo Branas},
	title     = {AngularJS Essentials. Design and construct reusable, maintaineble, and modular web applications with AngularJs},
	publisher = {Packt Publishing},
	address   = {Birmingham - UK},
	year      = {2014},
	note      = {ISBN 978-1-78398-008-6},
	pages     = {164}
}

@book{Rosenberg2005,
	author    = {Doug Rosenberg and Matt Stephens and Mark Collins-Cope",
	title     = "Agile development with ICONIX process : people, process, and pragmatism},
	publisher = {Apress},
	address   = {New York},
	year      = {2005},
	note      = {ISBN 1-59059-464-9},
	pages     = {261}
}

@book{Benyon2011,
	author    = {David Benyon},
	title     = {Interação Humano-Computador},
	publisher = {Person},
	address   = {São Paulo - SP},
	year      = {2011},
	note      = {ISBN 978-85-7936-109-8},
	pages     = {442}
}

@book{Restful2013,
	author    = {Leonard Richardson and Mike Amundsen},
	title     = {RESTful Web APIs},
	publisher = {O'Reilly},
	address   = {USA},
	year      = {2013},
	pages     = {372}
}

@book{Deepak2004,
	author    = {Deepak Alur},
	title     = { Core J2EE Patterns : as melhores práticas e estratégias de design},
	publisher = {Elsevier},
	edition   = {2},
	address   = {Rio de Janeiro},
	year      = {2004},
	pages     = {587},
	note      = {ISBN 8535212728}
}


@online{Java2015,
    author    = {Java},
    title     = {Java},
    publisher = {Java Platform, Enterprise Edition: The Java EE Tutorial},
    year      = {2015},
    note      = {$<$Disponível em: \url{https://docs.oracle.com/javaee/7/tutorial/}$>$. Acesso em: 25 de Novembro de 2015}
}

@onlime{Wildfly2015,
    author    = {WildFly},
    title     = {WildFly},
    publisher = {Fly Fast, and Free},
    year      = {2015},
    note      = {$<$Disponível em: \url{http://wildfly.org/}$>$. Acesso em: 2 de Dezembro de 2015}
}

@online{Rest2000,
    author    = {Roy Thomas Fielding},
    title     = {Architectural Styles and the Design of Network-based Software Architectures},
    publisher = {UNIVERSITY OF CALIFORNIA},
    year      = {2000},
    note      = {$<$Disponível em: \url{https://www.ics.uci.edu/~fielding/pubs/dissertation/fielding_dissertation.pdf}$>$. Acesso em: 2 de Dezembro de 2015}
}

@online{Galeote2015,
    author    = {Sidney Galeote},
    title     = {Do requisito ao diagrama de classe de projeto: ágil e descomplicado},
    year      = {2015},
    note      = {$<$Disponível em: \url{http://www.galeote.com.br/blog/2013/05/do-requisito-ao-diagrama-de-classe-de-projeto-agil-e-descomplicado/}$>$. Acesso em: 2 de Dezembro de 2015}
}

@thesis{Weber2015,
	author  = {Gabriel dos Santos Weber},
	title   = {Desenvolvimento de uma Representação Intermediária para o Portal de Algoritmos da UCS},
	type    = {mastersthesis},
	school  = {Universidade de Caxias do Sul},
	date    = {2015},
	year    = {2015},
	address = {Caxias do Sul, RS},
	pages   = {76}
}

@online{OwaspMainInTheMiddle,
	author    = {Owasp},
	title     = {Main in the Middle},
	publisher = {},
	year      = {2015},
	note      = {$<$Disponível em: \url{https://www.owasp.org/index.php/Man-in-the-middle_attack}$>$. Acesso em: 3 de Junho de 2018}
}

@online{OwaspSQLInjection,
author    = {Owasp},
title     = {SQL Injection},
publisher = {},
year      = {2016},
note      = {$<$Disponível em: \url{https://www.owasp.org/index.php/SQL_Injection}$>$. Acesso em: 3 de Junho de 2018}
}

@online{LetsEncrypt,
author    = {Let's Encrypt},
title     = {Let's Encrypt},
publisher = {},
year      = {2018},
note      = {$<$Disponível em: \url{https://letsencrypt.org/about/}$>$. Acesso em: 3 de Junho de 2018}
}



